@article{DBLP:journals/cgf/SpritzerBDFF15,
  author    = {Andre Suslik Spritzer and
               Jeremy Boy and
               Pierre Dragicevic and
               Jean{-}Daniel Fekete and
               Carla Maria Dal Sasso Freitas},
  title     = {Towards a smooth design process for static communicative node-link diagrams},
  journal   = {Computer Graphics Forum},
  volume    = {34},
  number    = {3},
  pages     = {461--470},
  year      = {2015},
  url       = {https://doi.org/10.1111/cgf.12658},
  doi       = {10.1111/cgf.12658},
  timestamp = {Fri, 26 May 2017 22:53:56 +0200},
  biburl    = {https://dblp.org/rec/journals/cgf/SpritzerBDFF15.bib},
  bibsource = {dblp computer science bibliography, https://dblp.org}
}

@article{tvcg/RomatAP21,
  author={H. {Romat} and C. {Appert} and E. {Pietriga}},
  journal={IEEE Transactions on Visualization and Computer Graphics}, 
  title={Expressive Authoring of Node-Link Diagrams With Graphies}, 
  year={2021},
  volume={27},
  number={4},
  pages={2329-2340},
  doi={10.1109/TVCG.2019.2950932}
}